@article{heggie2009dead,
  title={Dead men walking: search and rescue in US National Parks},
  author={Heggie, Travis W and Amundson, Michael E},
  journal={Wilderness \& environmental medicine},
  volume={20},
  number={3},
  pages={244--249},
  year={2009},
  publisher={Elsevier}
}

@inproceedings{bejiga2016convolutional,
  title={Convolutional neural networks for near real-time object detection from UAV imagery in avalanche search and rescue operations},
  author={Bejiga, Mesay Belete and Zeggada, Abdallah and Melgani, Farid},
  booktitle={2016 IEEE International Geoscience and Remote Sensing Symposium (IGARSS)},
  pages={693--696},
  year={2016},
  organization={IEEE}
}

@article{martinez2021search,
  title={Search and rescue operation using UAVs: A case study},
  author={Martinez-Alpiste, Ignacio and Golcarenarenji, Gelayol and Wang, Qi and Alcaraz-Calero, Jose Maria},
  journal={Expert Systems with Applications},
  volume={178},
  pages={114937},
  year={2021},
  publisher={Elsevier}
}
@inproceedings{yong2018human,
  title={Human object detection in forest with deep learning based on droneâ€™s vision},
  author={Yong, Suet-Peng and Yeong, Yoon-Chow},
  booktitle={2018 4th International Conference on Computer and Information Sciences (ICCOINS)},
  pages={1--5},
  year={2018},
  organization={IEEE}
}

@article{krzysiak2021information,
  title={Information-based control of robots in search-and-rescue missions with human prior knowledge},
  author={Krzysiak, Rafal and Butail, Sachit},
  journal={IEEE Transactions on Human-Machine Systems},
  volume={52},
  number={1},
  pages={52--63},
  year={2021},
  publisher={IEEE}
}
@inproceedings{salvucci2000identifying,
  title={Identifying fixations and saccades in eye-tracking protocols},
  author={Salvucci, Dario D and Goldberg, Joseph H},
  booktitle={Proceedings of the 2000 symposium on Eye tracking research \& applications},
  pages={71--78},
  year={2000}
}

@article{karim2018lstm,
  title={LSTM fully convolutional networks for time series classification},
  author={Karim, Fazle and Majumdar, Somshubra and Darabi, Houshang and Chen, Shun},
  journal={IEEE Access},
  volume={6},
  pages={1662--1669},
  year={2018},
  publisher={IEEE}
}
@article{Couzin,
title = {Collective Memory and Spatial Sorting in Animal Groups},
journal = {Journal of Theoretical Biology},
volume = {218},
number = {1},
pages = {1-11},
year = {2002},
issn = {0022-5193},
author={Couzin, Iain D and Krause, Jens and James, Richard and Ruxton, Graeme D and Franks, Nigel R},

}

@book{dickSAR,
    author ={Dick, Aron} ,
    title ={Arizona Basic Search and Rescue},
    institution = { Arizona Search and Rescue Coordinators Association},
    year = {2023},
url={http://www.saraz.org/documents/AZBasicSAR.pdf },
}

@inproceedings{hardin2009using,
  title={On using mixed-initiative control: A perspective for managing large-scale robotic teams},
  author={Hardin, Benjamin and Goodrich, Michael A},
  booktitle={Proceedings of the 4th ACM/IEEE international conference on Human robot interaction},
  pages={165--172},
  year={2009}
}

@article{wegner2006agent,
  title={Agent-based support for balancing teleoperation and autonomy in urban search and rescue},
  author={Wegner, Ryan and Anderson, John},
  journal={International Journal of Robotics and Automation},
  volume={21},
  number={2},
  pages={120--128},
  year={2006},
  publisher={Anaheim, Calif.; Calgary, Alta.: Acta Press,[1986]-}
}


@article{papaioannou2023distributed,
  title={Distributed search planning in 3-d environments with a dynamically varying number of agents},
  author={Papaioannou, Savvas and Kolios, Panayiotis and Theocharides, Theocharis and Panayiotou, Christos G and Polycarpou, Marios M},
  journal={IEEE Transactions on Systems, Man, and Cybernetics: Systems},
  year={2023},
  publisher={IEEE}
}

@book{kashino2020adaptive,
  title={An Adaptive Approach to Optimal Sparse Mobile-Target Search Planning Using Heterogeneous Agents},
  author={Kashino, Zendai},
  year={2020},
  publisher={University of Toronto (Canada)}
}

@article{khalil2023uavs,
  title={UAVs-assisted passive source localization using robust TDOA ranging for search and rescue},
  author={Khalil, Ruhul Amin and Saeed, Nasir and Almutiry, Muhannad},
  journal={ICT Express},
  volume={9},
  number={4},
  pages={677--682},
  year={2023},
  publisher={Elsevier}
}

@article{dinh2019unmanned,
  title={Unmanned aerial system--assisted wilderness search and rescue mission},
  author={Dinh, Truong Duy and Pirmagomedov, Rustam and Pham, Van Dai and Ahmed, Aram A and Kirichek, Ruslan and Glushakov, Ruslan and Vladyko, Andrei},
  journal={International Journal of Distributed Sensor Networks},
  volume={15},
  number={6},
  pages={1550147719850719},
  year={2019},
  publisher={SAGE Publications Sage UK: London, England}
}

@article{niedzielski2018real,
  title={A real-time field experiment on search and rescue operations assisted by unmanned aerial vehicles},
  author={Niedzielski, Tomasz and Jurecka, Miros{\l}awa and Mizi{\'n}ski, Bart{\l}omiej and Remisz, Joanna and {\'S}lopek, Jacek and Spallek, Waldemar and Witek-Kasprzak, Matylda and Kasprzak, {\L}ukasz and {\'S}wierczy{\'n}ska-Chla{\'s}ciak, Ma{\l}gorzata},
  journal={Journal of Field Robotics},
  volume={35},
  number={6},
  pages={906--920},
  year={2018},
  publisher={Wiley Online Library}
}
@inproceedings{heintzman2021anticipatory,
  title={Anticipatory planning and dynamic lost person models for Human-Robot search and rescue},
  author={Heintzman, Larkin and Hashimoto, Amanda and Abaid, Nicole and Williams, Ryan K},
  booktitle={2021 IEEE International Conference on Robotics and Automation (ICRA)},
  pages={8252--8258},
  year={2021},
  organization={IEEE}
}
@inproceedings{hashimoto2019agent,
  title={An agent-based model of lost person dynamics for enabling wilderness search and rescue},
  author={Hashimoto, Amanda and Abaid, Nicole},
  booktitle={Dynamic Systems and Control Conference},
  volume={59155},
  pages={V002T13A005},
  year={2019},
  organization={American Society of Mechanical Engineers}
}
@article{heintzman2021predictive,
  title={A predictive autonomous decision aid for calibrating human-autonomy reliance in multi-agent task assignment},
  author={Heintzman, Larkin and Williams, Ryan K},
  journal={arXiv preprint arXiv:2112.10252},
  year={2021}
}